@book{hennessy2007computer,
  title={{Computer architecture: a quantitative approach}},
  author={Hennessy, J.L. and Patterson, D.A. and Arpaci-Dusseau, A.C.},
  number={v. 1},
  isbn={9780123704900},
  lccn={2006024358},
  series={The Morgan Kaufmann Series in Computer Architecture and Design},
  url={http://books.google.co.uk/books?id=57UIPoLt3tkC},
  year={2007},
  publisher={Elsevier Morgan Kaufmann}
}

@book{patterson2008computer,
  title={{Computer organization and design: the hardware/software interface}},
  author={Patterson, D.A. and Hennessy, J.L.},
  isbn={9780123744937},
  lccn={2008026443},
  series={The Morgan Kaufmann Series in Computer Architecture and Design},
  url={http://books.google.co.uk/books?id=3b63x-0P3_UC},
  year={2008},
  publisher={Elsevier Morgan Kaufmann}
}

@book{weaver2008opensparc,
  title="\href{http://www.opensparc.net/offers/OpenSPARC_Internals_Book.pdf}
        {OpenSPARC Internals}",
  subtitle={OpenSPARC T1/T2 CMT throughput computing},
  author={Weaver, D.L.},
  isbn={9780557019748},
  url={http://books.google.co.uk/books?id=JG1KSwAACAAJ},
  pdf={http://www.opensparc.net/offers/OpenSPARC_Internals_Book.pdf},
  year={2008},
  publisher={Sun Microsystems}
}

@book{weaver1994sparc,
  title="\href{http://www.sparc.org/standards/SPARCV9.pdf}
        {The SPARC architecture manual: version 9}",
  author={Weaver, D.L. and Germond, T. and SPARC International},
  isbn={9780130992277},
  lccn={gb94008384},
  url={http://books.google.co.uk/books?id=JNVQAAAAMAAJ},
  pdf={http://www.sparc.org/standards/SPARCV9.pdf},
  year={1994},
  publisher={PTR Prentice Hall}
}

@book{gove2010multicore,
  title={{Multicore Application Programming: For Windows, Linux, and Oracle Solaris}},
  author={Gove, D.},
  isbn={9780321711373},
  lccn={2010033284},
  series={Developer's Library},
  url={http://books.google.co.uk/books?id=NF-C2ZQZXekC},
  year={2010},
  publisher={ADDISON WESLEY PUB CO INC}
}

