%% OpenSPARC

@MISC{page:opensparc:home,
AUTHOR="Sun Microsystems",
TITLE="\href{http://www.opensparc.net/}
      {OpenSPARC Home Page}"
}

@MISC{page:opensparc:fpga,
AUTHOR="Sun Microsystems",
TITLE="\href{http://www.opensparc.net/fpga/index.html}
      {OpenSPARC on FPGA}"
}

@MISC{page:opensparc:docs,
AUTHOR="Sun Microsystems",
TITLE="\href{http://www.opensparc.net/opensparc-t2/index.html}
      {OpenSPARC Documents and Source Code}"
}


%% AVB

@MISC{page:avb:home,
TITLE="\href{http://www.ieee802.org/1/pages/avbridges.html}
      {The Audio/Video Bridging Task Group}",
AUTHOR={IEEE}
}

@MISC{paper:avb:pro,

TITLE="\href{http://www.avnu.org/files/static_page_files/AADD5FA4-1D09-3519-AD240815A16F57DC/AVnu%20Pro__White%20Paper.pdf}
      {AVB for Professional Use}",
AUTHOR={AVnu Alliance}
}

@MISC{paper:avb:intro,
TITLE="\href{http://www.avnu.org/files/static_page_files/AAF3193A-1D09-3519-AD45FC42893D1949/No-excuses%20Audio%20Video%20Networking%20v2.pdf}
      {AVB Networking Technology}",
AUTHOR={AVnu Alliance}
}

%% FLOSS

@MISC{wiki:cs,
AUTHOR={Wikipedia},
TITLE="\href{http://en.wikipedia.org/wiki/CSound}
      {Information on CSound software}"
}

@MISC{wiki:pd,
AUTHOR={Wikipedia},
TITLE="\href{http://en.wikipedia.org/wiki/Pure_Data}
      {Information on Pure Data software}"
}
@MISC{wiki:sc,
AUTHOR={Wikipedia},
TITLE="\href{http://en.wikipedia.org/wiki/SuperCollider}
      {Information on SuperCollider software}"
}
